
@inproceedings{petitdemange_assisting_2016,
	title = {Assisting the evolutionary development of {SoS} with reconfiguration patterns},
	isbn = {978-1-4503-4781-5},
	url = {http://dl.acm.org/citation.cfm?doid=2993412.3004845},
	doi = {10.1145/2993412.3004845},
	language = {en},
	urldate = {2018-02-23},
	publisher = {ACM Press},
	author = {Petitdemange, Franck and Borne, Isabelle and Buisson, Jérémy},
	year = {2016},
	pages = {1--7}
}